@online {rpi,
	author = {Alex Eames},
	organization = {RasPi.TV},
	title = {Raspberry Pi 3 model B launches today},
	day = {29},
	month = {02},
	year = {2016},
	url = {https://raspi.tv/2016/raspberry-pi-3-model-b-launches-today-64-bit-quad-a53-1-2-ghz-bcm2837},
	urldate = {2020-05-08}
}
